%% This BibTeX bibliography file was created using BibDesk.
%% http://bibdesk.sourceforge.net/

%% Created for Datong Paul Zhou at 2016-09-18 21:49:33 -0400 


%% Saved with string encoding Unicode (UTF-8) 



@article{Radecki:2013ab,
	Author = {Peter Radecki and Brandon Hencey},
	Date-Added = {2016-09-19 01:49:14 +0000},
	Date-Modified = {2016-09-19 01:49:32 +0000},
	Journal = {52nd Conference on Decision and Control},
	Title = {{Online Thermal Estimation, Control, and Self-Excitation of Buildings}},
	Year = {2013}}

@conference{Radecki:2013aa,
	Author = {Peter Radecki and Brandon Hencey},
	Date-Added = {2016-08-02 17:29:51 +0000},
	Date-Modified = {2016-09-19 01:48:04 +0000},
	Journal = {52nd Conference on Decision and Control},
	Title = {{Online Thermal Estimation, Control, and Self-Excitation of Buildings}},
	Year = {2013}}

@article{Radecki:2012aa,
	Author = {Peter Radecki and Brandon Hencey},
	Date-Added = {2016-08-02 17:28:58 +0000},
	Date-Modified = {2016-08-02 17:32:15 +0000},
	Journal = {American Control Conference},
	Title = {{Online Building Thermal Parameter Estimation via Unscented Kalman Filtering}},
	Year = {2012}}

@article{Goyal:2013aa,
	Author = {Siddharth Goyal and Herbert A. Ingley and Prabir Barooah},
	Date-Added = {2016-08-02 15:49:19 +0000},
	Date-Modified = {2016-08-02 15:50:09 +0000},
	Journal = {Applied Energy},
	Number = {106},
	Pages = {209-221},
	Title = {{Occupancy-Based Zone-Climate Control for Energy-Efficient Buildings: Complexity vs. Performance}},
	Year = {2013}}

@article{Cole:2013aa,
	Author = {Wesley J. Cole and Elaine T. Hale and Thomas F. Edgar},
	Date-Added = {2016-08-02 15:47:55 +0000},
	Date-Modified = {2016-08-02 15:48:44 +0000},
	Journal = {American Control Conference},
	Title = {{Building Energy Model Reduction for Model Predictive Control Using OpenStudio}},
	Year = {2013}}

@article{Dobbs:2012aa,
	Author = {Justin R. Dobbs},
	Date-Added = {2016-08-02 15:26:03 +0000},
	Date-Modified = {2016-08-02 15:27:23 +0000},
	Journal = {51st Conference on Decision and Control},
	Title = {{A Comparison of Thermal Zone Aggregation Methods}},
	Year = {2012}}

@article{Goyal:2012aa,
	Author = {Siddharth Goyal and Prabir Barooah},
	Date-Added = {2016-08-02 15:23:43 +0000},
	Date-Modified = {2016-08-02 15:25:05 +0000},
	Journal = {Energy and Buildings},
	Number = {47},
	Pages = {332-340},
	Title = {{A Method for Model-Reduction of Nonlinear Thermal Dynamics of Multi-Zone Buildings}},
	Year = {2012}}

@techreport{Dawson-Haggerty:2012aa,
	Author = {Stephen Dawson-Haggerty and Andrew Krioukov and David E. Culler},
	Date-Added = {2016-03-14 05:25:16 +0000},
	Date-Modified = {2016-03-14 05:25:38 +0000},
	Institution = {University of California, Berkeley},
	Title = {{Experiences Integrating Building Data with sMAP}},
	Year = {2012}}

@article{Zhao2013EP,
	Author = {Jie Zhao and Khee Poh Lam and B. Erik Ydstie},
	Date-Added = {2016-03-11 07:27:44 +0000},
	Date-Modified = {2016-03-11 07:30:42 +0000},
	Journal = {Proceedings of 13th Conference of International Building Performance Simulation Association},
	Title = {{EnergyPlus} model-based predictive control {(EPMPC)} by using {MATLAB/SIMULINK} and {MLE+}},
	Year = {2013}}

@article{Sun,
	Author = {Sun, B. and Luh, P.B. and Jia, Q.S. and Jiang, Z. and Wang, F. and Song, C.},
	Date-Added = {2016-03-11 07:21:03 +0000},
	Date-Modified = {2016-03-11 22:27:19 +0000},
	Journal = {{IEEE Transactions on Automation Science and Engineering}},
	Title = {{Building Energy Management: Integrated Control of Active and Passive Heating, Cooling, Lighting, Shading, and Ventilation Systems}},
	Year = {2012}}

@book{Hansen:2013aa,
	Author = {Shirley J. Hansen and H.E. Burroughs},
	Date-Added = {2016-03-08 21:05:02 +0000},
	Date-Modified = {2016-03-08 21:05:41 +0000},
	Publisher = {Lulu Press, Inc.},
	Title = {{Managing Indoor Air Quality}},
	Year = {2013}}

@article{Koehler:2013aa,
	Author = {S. Koehler and Francesco Borrelli},
	Date-Added = {2016-02-23 18:03:59 +0000},
	Date-Modified = {2016-03-07 22:15:56 +0000},
	Journal = {European Control Conference},
	Title = {{Building Temperature Distributed Control via Explicit MPC and ``Trim and Respond'' Methods}},
	Year = {2013}}

@article{Ma:2012aa,
	Author = {Yudong Ma and Francesco Borrelli and B. Hencey and B. Coffey},
	Date-Added = {2016-01-27 20:24:03 +0000},
	Date-Modified = {2016-03-07 22:23:17 +0000},
	Journal = {IEEE Transactions on Control Systems Technology},
	Pages = {796-803},
	Title = {{Model Predictive Control for the Operation of Building Cooling Systems}},
	Volume = {20},
	Year = {2012}}

@article{Hao_multizone,
	Author = {Hao, H. and Kowli, A. and Lin, Y. and Barroah, P. and Meyn, S.},
	Date-Added = {2016-01-26 02:09:01 +0000},
	Date-Modified = {2016-03-07 22:15:28 +0000},
	Journal = {American Control Conference},
	Month = {June},
	Number = {467-472},
	Title = {{Ancillary Service for the Grid via Control of Commercial Building HVAC Systems}},
	Year = {2013}}

@techreport{VAV,
	Date-Added = {2016-01-25 17:59:05 +0000},
	Date-Modified = {2016-03-07 22:17:45 +0000},
	Institution = {{Energy Information Administration, U.S. Department of Energy}},
	Title = {{Commercial Buildings Energy Consumption Survey (CBECS): Overview of Commercial Buildings, 2003}},
	Url = {http://www.eia.doe.gov/emeu/cbecs/cbecs2003/overview1.html},
	Year = {2008},
	Bdsk-Url-1 = {http://www.eia.doe.gov/emeu/cbecs/cbecs2003/overview1.html}}

@article{Lin_multizone,
	Author = {Lin, Y. and Middelkoop, T. and Barooah, P.},
	Date-Added = {2016-01-24 18:26:51 +0000},
	Date-Modified = {2016-03-07 22:21:41 +0000},
	Journal = {51st IEEE Conference on Decision and Control},
	Month = {December},
	Title = {{Issues in Identification of Control-Oriented Thermal Models of Zones in Multi-Zone Buildings}},
	Year = {2012}}

@techreport{SolarRad,
	Date-Added = {2016-01-24 18:21:40 +0000},
	Date-Modified = {2016-03-11 22:26:21 +0000},
	Institution = {California Irrigation Management Information System},
	Title = {{CIMIS Station Reports}},
	Url = {http://www.cimis.water.ca.gov/},
	Year = {2015},
	Bdsk-Url-1 = {http://www.cimis.water.ca.gov/}}

@article{Qie,
	Author = {Hu, Q. and Oldewurtel, F. and Balandat, M. and Vrettos, E. and Zhou, D. and Tomlin, C.J.},
	Date-Added = {2016-01-24 18:04:43 +0000},
	Date-Modified = {2016-03-07 22:23:52 +0000},
	Journal = {American Control Conference (Accepted)},
	Title = {{Model Identification of Commercial Building HVAC Systems During Regular Operation - Empirical Results and Challenges}},
	Year = {2016}}

@article{David,
	Author = {Sturzenegger, D. and Gyalistras, D. and Morari, M. and Smith, R.S.},
	Date-Added = {2016-01-24 16:53:48 +0000},
	Date-Modified = {2016-03-07 22:24:38 +0000},
	Journal = {BuildSys 2012 -- Workshop of SCM SenSys Conference},
	Title = {{Semi-Automated Modular Modeling of Buildings for Model Predictive Control}},
	Year = {2012}}

@article{Duffy:2009aa,
	Author = {M. Duffy and M. Hiller and D. Bradley and W. Keilholz and J. Thornton},
	Date-Added = {2016-01-23 07:56:57 +0000},
	Date-Modified = {2016-03-07 22:25:09 +0000},
	Journal = {IBSPA Conference},
	Pages = {1950 - 1954},
	Title = {{TRNSYS - Features and Functionality for Building Simulation}},
	Year = {2009}}

@article{Crawley:2000aa,
	Author = {D. Crawley and C. Pedersen and L. Lawrie and F. Winkelmann},
	Date-Added = {2016-01-23 07:55:10 +0000},
	Date-Modified = {2016-03-07 22:19:19 +0000},
	Journal = {{ASHRAE Journal}},
	Pages = {49-56},
	Title = {{EnergyPlus: Energy Simulation Program}},
	Volume = {42},
	Year = {2000}}

@article{Balandat:2014aa,
	Author = {Maximilian Balandat and Frauke Oldewurtel and Mo Chen and Claire Tomlin},
	Date-Added = {2016-01-23 07:41:03 +0000},
	Date-Modified = {2016-03-07 22:17:55 +0000},
	Journal = {52nd Annual Allerton Conference on Communication, Control, and Computing},
	Title = {{Contract Design for Frequency Regulation by Aggregations of Commercial Buildings}},
	Year = {2014}}

@article{Oldewurtel:2010aa,
	Author = {Frauke Oldewurtel and Alessandra Parisio and Colin N Jones and Manfred Morari and Dimitrios Gyalistras and Markus Gwerder and Vanessa Stauch and Beat Lehmann and Katharina Wirth},
	Date-Added = {2016-01-23 02:16:42 +0000},
	Date-Modified = {2016-03-09 05:22:48 +0000},
	Journal = {American Control Conference},
	Title = {{Energy Efficient Building Climate Control Using Stochastic Model Predictive Control and Weather Predictions}},
	Year = {2010}}

@article{Maasoumy:2014ab,
	Author = {Mehdi Maasoumy and M. Razmara and M. Shahbakhti and Alberto Sangiovanni-Vincentelli},
	Date-Added = {2016-01-23 02:14:21 +0000},
	Date-Modified = {2016-03-11 21:50:40 +0000},
	Journal = {Energy and Buildings},
	Title = {{Handling Model Uncertainty in Model Predictive Control for Energy Efficient Buildings}},
	Year = {2014}}

@article{Lin:2015aa,
	Author = {Yashen Lin and Prabir Barooah and Sean Meyn and Timothy Middelkoop},
	Date-Added = {2016-01-23 02:06:07 +0000},
	Date-Modified = {2016-03-07 22:20:08 +0000},
	Journal = {IEEE Transactions on Smart Grid},
	Number = {2},
	Title = {{Experimental Evaluation of Frequency Regulation From Commercial Building HVAC Systems}},
	Volume = {6},
	Year = {2015}}

@article{Vrettos:2014aa,
	Author = {Evangelos Vrettos and Frauke Oldewurtel and Fengtian Zhu and Goran Andersson},
	Date-Added = {2016-01-23 01:51:41 +0000},
	Date-Modified = {2016-03-07 22:24:19 +0000},
	Journal = {Proceedings of the 19th IFAC World Congress},
	Pages = {12068 - 12073},
	Title = {{Robust Provision of Frequency Reserves by Office Building Aggregations}},
	Year = {2014}}

@article{Maasoumy:2014aa,
	Author = {Mehdi Maasoumy and Catherine Rosenberg and Alberto Sangiovanni-Vincentelli and Duncan S. Callaway},
	Date-Added = {2016-01-23 00:30:40 +0000},
	Date-Modified = {2016-03-07 22:22:39 +0000},
	Journal = {American Control Conference},
	Pages = {1082-1089},
	Title = {{Model Predictive Control approach to Online Computation of Demand-Side Flexibility of Commercial Buildings HVAC Systems for Supply Following}},
	Year = {2014}}

@article{Baccino:2014aa,
	Author = {F. Baccino and F. Conte and S. Massucco and F. Silvestro and S. Grillo},
	Date-Added = {2016-01-23 00:25:34 +0000},
	Date-Modified = {2016-03-07 22:20:25 +0000},
	Journal = {Power Systems Computation Conference},
	Pages = {1-7},
	Title = {{Frequency Regulation by Management of Building Cooling Systems through Model Predictive Control}},
	Year = {2014}}

@misc{:ac,
	Date-Added = {2016-01-17 17:05:53 +0000},
	Date-Modified = {2016-03-07 22:30:25 +0000},
	Title = {{sMAP: The Simple Measurement and Actuation Profile}},
	Url = {http://www.cs.berkeley.edu/~stevedh/smap2/},
	Bdsk-Url-1 = {http://www.cs.berkeley.edu/~stevedh/smap2/}}

@misc{:ab,
	Date-Added = {2016-01-17 16:59:11 +0000},
	Date-Modified = {2016-03-07 22:30:42 +0000},
	Lastchecked = {2016-01-16},
	Title = {{PV Performance Modeling Collaborative}},
	Url = {https://pvpmc.sandia.gov/},
	Bdsk-Url-1 = {https://pvpmc.sandia.gov/}}

@book{Hardle:2000aa,
	Author = {Wolfgang H{\"a}rdle and Hua Liang and Jiti Gao},
	Date-Added = {2016-01-16 22:48:34 +0000},
	Date-Modified = {2016-03-09 05:24:12 +0000},
	Publisher = {Springer},
	Title = {{Partially Linear Models}},
	Year = {2000}}

@book{Ruppert:2003aa,
	Author = {David Ruppert and M.P. Wand and R.J. Carroll},
	Date-Added = {2016-01-16 22:44:13 +0000},
	Date-Modified = {2016-03-07 22:24:46 +0000},
	Publisher = {Cambridge University Press},
	Title = {{Semiparametric Regression}},
	Year = {2003}}

@article{Parisio:2014aa,
	Author = {Alessandra Parisio and Luca Fabietti and Marco Molinari and Damiano Varagnolo and Karl H. Johansson},
	Date-Added = {2016-01-16 22:01:33 +0000},
	Date-Modified = {2016-03-07 22:29:13 +0000},
	Journal = {IEEE Conference on Decision and Control},
	Title = {{Control of HVAC Systems via Scenario-Based Explicit MPC}},
	Year = {2014}}

@article{Siroky:2011aa,
	Author = {Jan {\v S}iroky and Frauke Oldewurtel and Jir{\'\i} Cigler and Samuel Pr{\'\i}vera},
	Date-Added = {2016-01-16 21:58:26 +0000},
	Date-Modified = {2016-03-07 22:19:46 +0000},
	Journal = {Applied Energy},
	Pages = {3079-3087},
	Title = {{Experimental Analysis of Model Predictive Control for an Energy Efficient Building Heating System}},
	Volume = {88},
	Year = {2011}}

@article{Ma:2011aa,
	Author = {Yudong Ma and Garrett Anderson and Francesco Borrelli},
	Date-Added = {2016-01-16 21:54:47 +0000},
	Date-Modified = {2016-03-07 22:13:40 +0000},
	Journal = {American Control Conference},
	Pages = {2089-2094},
	Title = {{A Distributed Predictive Control Approach to Building Temperature Regulation}},
	Year = {2011}}

@article{Schiavon:2010aa,
	Author = {Stefano Schiavon and Kwang Ho Lee and Fred Bauman and Tom Webster},
	Date-Added = {2016-01-16 21:42:42 +0000},
	Date-Modified = {2016-03-07 22:21:17 +0000},
	Journal = {Energy and Buildings},
	Number = {8},
	Pages = {1182-1191},
	Title = {{Influence of Raised Floor on Zone Design Cooling Load in Commercial Buildings}},
	Volume = {42},
	Year = {2010}}

@article{Balaji:2014aa,
	Author = {N. C. Balaji and Monto Mani and B. V. Venkatarama Reddy},
	Date-Added = {2016-01-16 21:39:22 +0000},
	Date-Modified = {2016-03-07 22:18:38 +0000},
	Journal = {Energy Procedia},
	Number = {54},
	Pages = {654-668},
	Title = {{Discerning Heat Transfer in Building Materials}},
	Year = {2014}}

@techreport{McQuade:2009aa,
	Author = {J. M. McQuade},
	Date-Added = {2016-01-16 21:26:25 +0000},
	Date-Modified = {2016-03-07 22:15:06 +0000},
	Institution = {United Technologies Corporation},
	Title = {{A System Approach to High Performance Buildings}},
	Year = {2009}}

@webpage{:aa,
	Date-Added = {2016-01-16 21:24:28 +0000},
	Date-Modified = {2016-03-07 22:28:17 +0000},
	Lastchecked = {2016-01-16},
	Title = {{U.S. Department of Energy Buildings Energy Data Book}},
	Url = {http://buildingsdatabook.eren.doe.gov/},
	Bdsk-Url-1 = {http://buildingsdatabook.eren.doe.gov/}}

@article{Perez-Lombard:2008aa,
	Author = {Luis P{\'e}rez-Lombard and Jos{\'e} Ortiz and Christine Pout},
	Date-Added = {2016-01-16 21:15:47 +0000},
	Date-Modified = {2016-03-07 22:14:58 +0000},
	Journal = {Energy and Buildings},
	Number = {40},
	Pages = {394-398},
	Title = {{A Review on Buildings Energy Consumption Information}},
	Year = {2008}}

@article{Aswani:2012aa,
	Author = {Anil Aswani and Neal Master and Jay Taneja and Virginia Smith and Andrew Krioukov and David Culler and Claire Tomlin},
	Date-Added = {2016-01-12 07:49:17 +0000},
	Date-Modified = {2016-03-07 22:20:56 +0000},
	Journal = {American Control Conference},
	Title = {{Identifying Models of HVAC Systems Using Semiparametric Regression}},
	Year = {2012}}
